@misc{johnh,
title = {{Alfred Vaino Aho}},
howpublished = "\url{https://www.genealogy.math.ndsu.nodak.edu/id.php?id=82019}",
    author = {Mathematics Genealogy Project},
}














